@INPROCEEDINGS{mandadi2022,
  author={Mandadi, Adarsh and Boppana, Saikiran and Ravella, Vishnu and Kavitha, R},
  booktitle={2022 IEEE 7th International conference for Convergence in Technology (I2CT)},
  title={Phishing Website Detection Using Machine Learning},
  year={2022},
  pages={1-4},
  doi={10.1109/I2CT54291.2022.9824801}
}

@book{hastie2009elements,
  title={The Elements of Statistical Learning: Data Mining, Inference, and Prediction},
  author={Hastie, Trevor and Tibshirani, Robert and Friedman, Jerome},
  year={2009},
  publisher={Springer Science \& Business Media}
}

@article{scikit-learn,
  title={Scikit-learn: Machine Learning in {P}ython},
  author={Pedregosa, F. and Varoquaux, G. and Gramfort, A. and Michel, V.
         and Thirion, B. and Grisel, O. and Blondel, M. and Prettenhofer, P.
         and Weiss, R. and Dubourg, V. and Vanderplas, J. and Passos, A. and
         Cournapeau, D. and Brucher, M. and Perrot, M. and Duchesnay, E.},
  journal={Journal of Machine Learning Research},
  volume={12},
  pages={2825--2830},
  year={2011}
}

@misc{kaggle_dataset_2022,
    author = {Shashwat Tiwari},
    title = {Phishing Dataset for Machine Learning},
    year = {2022},
    publisher = {Kaggle},
    url = {https://www.kaggle.com/datasets/shashwatwork/phishing-dataset-for-machine-learning},
    urldate = {2025-07-06}
}